<?xml version="1.0" encoding="UTF-8"?><record xmlns="http://www.loc.gov/MARC21/slim" xmlns:cinclude="http://apache.org/cocoon/include/1.0" xmlns:zs="http://www.loc.gov/zing/srw/">
  <leader>00558nz  a2200145n  4500</leader>
  <controlfield tag="001">no2010028765</controlfield>
  <controlfield tag="003">DLC</controlfield>
  <controlfield tag="005">20100221075247.0</controlfield>
  <controlfield tag="008">100219n| acannaabn          |n aaa     c</controlfield>
  <datafield tag="010" ind1=" " ind2=" ">
    <subfield code="a">no2010028765</subfield>
  </datafield>
  <datafield tag="035" ind1=" " ind2=" ">
    <subfield code="a">(OCoLC)oca08399710</subfield>
  </datafield>
  <datafield tag="040" ind1=" " ind2=" ">
    <subfield code="a">MiFliG</subfield>
    <subfield code="b">eng</subfield>
    <subfield code="c">MiFliG</subfield>
  </datafield>
  <datafield tag="100" ind1="1" ind2=" ">
    <subfield code="a">Kosta, Charles</subfield>
  </datafield>
  <datafield tag="670" ind1=" " ind2=" ">
    <subfield code="a">Dynamic control of multiple robotic elements, 1989:</subfield>
    <subfield code="b">cover (Charles Kosta, Researcher, University of Lowell, Center for Productivity Enhancement, Lowell, Mass.)</subfield>
  </datafield>
  <datafield tag="670" ind1=" " ind2=" ">
    <subfield code="a">OCLC, Feb. 19, 2010</subfield>
    <subfield code="b">(hdg.: Kosta, Charles; Kosta, Charles P.; usage: Charles Kosta)</subfield>
  </datafield>
</record>